@article{chomsky_lectures_1981,
  title="Lectures on government and binding",
  journal="Dordrecht: {Foris}",
  author="Chomsky, Noam,",
  year="1981",
}

@article{__2021,
  title="Reflexive pronouns and reflexive possessive affixes in the {Bystraja} dialect of {Even}",
  volume="16",
  number="2",
  journal="Acta {Lingustica} {Petropolitana}. {Trudy} {Instituta} linvisticheskih issledovanij",
  author="Buzanov, Anton Olegovich,",
  year="2021",
  pages="1--23",
}

@inproceedings{sauerland_presuppositions_2013,
  title="Presuppositions and the alternative tier",
  volume="23",
  booktitle="Semantics and {Linguistic} {Theory}",
  author="Sauerland, Uli,",
  year="2013",
  pages="156--173",
}

@misc{bruening_generalizing_2019,
  title="Generalizing the presuppositional approach to the binding conditions",
  publisher="Newark, {DE}: {University} of {Delaware} {Unpublished} ms",
  author="Bruening, Benjamin,",
  year="2021",
}

@article{__1997,
  title="Рефлексивы и эмфаза",
  number="6",
  journal="Вопросы языкознания",
  author="Лютикова, ЭА,",
  year="1997",
  pages="49--74",
}

@article{__2002,
  title="Когнитивная типология: рефлексивы и интенсификаторы",
  journal="М.: {ИМЛИ} {РАН}",
  author="Лютикова, ЕА,",
  year="2002",
}

@incollection{wexler_parameters_1987,
  title="Parameters and learnability in binding theory",
  booktitle="Parameter setting",
  publisher="Springer",
  author="Wexler, Kenneth and Manzini, M Rita,",
  year="1987",
  pages="41--76",
}

@book{koster_long_1991,
  title="Long distance anaphora",
  publisher="Cambridge {University} {Press}",
  author="Koster, Jan and Reuland, Eric,",
  year="1991",
}

@article{konig_intensifiers_2000,
  title="Intensifiers and reflexives: {A} typological perspective",
  author="{K\"onig, Ekkehard and Siemund, Peter}",
  journal="Z: {Frajzyngier} and {T}. {Curl}, eds, {Reflexives}.‘{Forms} and {Functions}. {Benjamins}, {Amsterdam}",
  pages="41--74",
  year="2000",
}

@misc{khurelbat_mongolian_1997,
  title="Mongolian {Grammar}",
  publisher="JSTOR",
  author="Khurelbat, B,",
  year="1997",
}

@article{rizzi_anaphor-agreement_1990,
  title="On the anaphor-agreement effect",
  volume="2",
  number="1",
  journal="Rivista di linguistica",
  author="Rizzi, Luigi,",
  year="1990",
  pages="27--42",
}

@article{woolford_more_1999,
  title="More on the anaphor agreement effect",
  volume="30",
  number="2",
  journal="Linguistic {Inquiry}",
  author="Woolford, Ellen,",
  year="1999",
  note="Publisher: {MIT} {Press}",
  pages="257--287",
}

@article{grano_how_2018,
  title="How to neutralize a finite clause boundary: {Phase} theory and the grammar of bound pronouns",
  volume="49",
  number="3",
  journal="Linguistic {Inquiry}",
  author="Grano, Thomas and Lasnik, Howard,",
  year="2018",
  note="Publisher: {MIT} {Press}",
  pages="465--499",
}

@article{huang_how_2020,
  title="How {Subjects} and {Possessors} {Can} {Obviate} {Phasehood}",
  journal="Linguistic {Inquiry}",
  author="Huang, Nick,",
  year="2020",
  note="Publisher: {MIT} {Press}",
  pages="1--55",
}

@article{__2021-1,
  title="Hierarchy of positions of reflexive and associative plural in the {Bystraja} dialect of {Even}",
  author="Buzanov, Anton Olegovich,",
  journal="Malyje jazyki v bol'shoj lingvistike",
  pages="40--52",
  year="2021",
  volume="3",
}

@unpublished{__2020,
  title="Intensifiers in the {Bystraja} dialect of {Even}",
  author="Buzanov, Anton Olegovich,",
  year="2020",
  annote="talk at the conference",
}

@phdthesis{sudo_semantics_2012,
  type="PhD {Thesis}",
  title="On the semantics of phi features on pronouns",
  school="Massachusetts {Institute} of {Technology}",
  author="Sudo, Yasutada and others,",
  year="2012",
}

@article{abramovitz_relativized_2019,
  title="Relativized {Anaphor} {Agreement} {Effect}: {Evidence} from {Koryak}",
  author="Abramovitz, Rafael and Bassi, Itai,",
  year="2019",
}

@book{baker_syntax_2008,
  title="The syntax of agreement and concord",
  volume="115",
  publisher="Cambridge {University} {Press}",
  author="Baker, Mark C,",
  year="2008",
}

@article{preminger_anaphor_2019,
  title="The {Anaphor} {Agreement} {Effect}: further evidence against binding-as-agreement",
  journal="Unpublished ms., {University} of {Maryland} at {College} {Park}. {Version} v7, accessed 4th {August}",
  author="Preminger, Omer,",
  year="2019",
}

@article{holmbergnull,
  title="Null subjects and null possessors in {Finnish}",
  author="Holmberg, Anders,",
  journal="{SPR\"AAKETS} {FUNKTION}",
  pages="114",
  year=2020
}

@book{preminger_agreement_2014,
  title="Agreement and its failures",
  volume="68",
  author="Preminger, Omer,",
  year="2014",
}

@book{janhunen_mongolian_2012,
  title="Mongolian",
  volume="19",
  publisher="John {Benjamins} {Publishing}",
  author="Janhunen, Juha A,",
  year="2012",
}

@article{slater_mangghuer_2003,
  title="Mangghuer",
  journal="The {Mongolic} languages",
  author="Slater, Keith W,",
  year="2003",
  note="Publisher: {Routledge} {London}",
  pages="307--324",
}

@article{weiers_moghol_2003,
  title="Moghol",
  journal="The {Mongolic} languages",
  author="Weiers, Michael,",
  year="2003",
  pages="248--264",
}

@article{blasing_kalmuck_2003,
  title="Kalmuck",
  journal="The {Mongolic} languages",
  author="Bläsing, Uwe,",
  year="2003",
  pages="229--247",
}

@book{__1962,
  title="Грамматика бурятского языка: {Фонетика} и морфология",
  publisher="Издательство восточной литературы",
  author="Санжеев, Гарма Данцаранович,",
  year="1962",
}

@article{tsumagari_dagur_2003,
  title="Dagur",
  journal="The {Mongolic} languages",
  author="Tsumagari, Toshiro,",
  year="2003",
  pages="129--153",
}

@book{__1959,
  title="Грамматика нанайского языка",
  publisher="Изд-во {Академии} наук {СССР} [{Ленинградское} отд-ние]",
  author="Аврорин, ВА,",
  year="1959",
}

@article{__1948,
  title="О языке нанайцев на реке {Куре}",
  volume="7",
  journal="Известия {АН} {СССР}",
  author="Суник, Орест Петрович,",
  year="1948",
}

@book{__1985,
  title="Ульчский язык: исследования и материалы",
  publisher="Изд-во {Наука}, {Ленинградское} отд-ние",
  author="Суник, Орест Петрович,",
  year="1985",
}

@article{__2001,
  title="Грамматика орочского языка",
  author="Болдырев, БВ and Аврорин, ВА,",
  year="2001",
  note="Publisher: {Федеральное} государственное унитарное предприятие {Издательство} {Сибирского} …",
}

@book{nikolaeva_grammar_2011,
  title="A grammar of {Udihe}",
  publisher="De {Gruyter} {Mouton}",
  author="Nikolaeva, Irina and Tolskaya, Maria,",
  year="2011",
}

@book{nedjalkov_evenki_1997,
  title="Evenki",
  publisher="Psychology {Press}",
  author="Nedjalkov, Igor,",
  year="1997",
}

@book{__1967,
  title="Язык ороков (ульта)",
  publisher="Наука",
  author="Петрова, Т И,",
  year="1967",
}

@article{zhang_kilen_2013,
  title="The {Kilen} language of {Manchuria}: grammar of amoribund {Tungusic} language",
  journal="香港大學學位論文",
  author="Zhang, Paiyu,",
  year="2013",
  note="Publisher: 香港大學",
  pages="1--0",
}

@book{__1982,
  title="Негидальский язык: исследования и материалы",
  publisher="{Nauka}, {Leningradskoe} otd-nie",
  author="Цинциус, В И,",
  year="1982",
}

@article{despic_phases_2015,
  title="Phases, reflexives, and definiteness",
  volume="18",
  number="3",
  journal="Syntax",
  author="Despić, Miloje,",
  year="2015",
  note="Publisher: {Wiley} {Online} {Library}",
  pages="201--234",
}

@book{__2008,
  title="Syntax of {Even}: structural, semantic, communicative aspects",
  publisher="Nauka",
  author="Malchukov, Andrej L'vovich,",
  year="2008",
}

@book{buring_binding_2005,
  title="Binding theory",
  publisher="Cambridge {University} {Press}",
  author="Büring, Daniel,",
  year="2005",
}

@article{lan_overlapping_2016,
  title="Overlapping {Reference} and {Its} {Implications} for the {Binding} {Theory}",
  author="Lan, Tamar,",
  year="2016",
}

@book{cincius_1947,
  title="Ocherk grammatiki evenskogo (lamutskogo) yazyka [{Grammar} scketch of {Even} ({Lamut})]",
  publisher="Gos. uchebno-pedagogicheskie izd-vo {Ministerstva} prosveshcheniya {RSFSR}",
  author="Cincius, V. I.,",
  year="1947",
}

@article{__2000,
  title="Typology of associative plural [{Tipologija} associativnoj mnozhestvennosti]",
  author="Daniel, Michael,",
  year="2000",
}

@article{haspelmath_frequentist_2008,
  title="A frequentist explanation of some universals of reflexive marking",
  volume="6",
  number="1",
  journal="Linguistic {Discovery}",
  author="Haspelmath, Martin,",
  year="2008",
  note="Publisher: {Dartmouth} {College}",
  pages="40--63",
}

@book{newman_hausa_2000,
  title="The {Hausa} language: {An} encyclopedic reference grammar",
  publisher="Yale {University} {Press} {New} {Haven}",
  author="Newman, Paul,",
  year="2000",
}

@article{__1998,
  title="Рефлексивные местоимения в дагестанских языках и типология рефлексива",
  number="3",
  journal="Вопросы языкознания",
  author="Тестелец, Яков Георгиевич and Толдова, Светлана Юрьевна,",
  year="1998",
  note="Publisher: {Федеральное} государственное бюджетное учреждение {Российская} академия наук",
  pages="35--57",
}

@book{kemmer_middle_1993,
  title="The middle voice",
  volume="23",
  publisher="John {Benjamins} {Publishing}",
  author="Kemmer, Suzanne,",
  year="1993",
}

@book{__2017,
  title="Опыт описания семантики союзов. {Лингвистические} данные о деятельности сознания",
  publisher="Litres",
  author="Урысон, Елена Владимировна,",
  year="2017",
}

@article{__2019,
  title="Экспериментальное исследование дистрибуции изъяснительного союза то что в нестандартных вариантах русского языка",
  author="Князев, Михаил Юрьевич,",
  year="2019",
}

@article{__2018,
  title="Есть ли в русском языке сентенциальная подлежащие?",
  number="4",
  journal="Вестник {Московского} университета. {Серия} 9. {Филология}",
  author="Летучий, Александр Борисович,",
  year="2018",
  note="Publisher: {Федеральное} государственное бюджетное образовательное учреждение высшего …",
}

@misc{van_valin_robert_jr_role_1980,
  title="Role and {Reference} {Grammar} dalam {Moravcsik} and {Wirth}, editors",
  publisher="Cambridge: Cambridge {University} {Press}",
  author="Van Valin Robert Jr, D and Foley, William A,",
  year="1980",
}

@article{__2000-1,
  title="Русский союз и частица и: структура значения",
  volume="3",
  journal="Вопросы языкознания",
  author="Урысон, Елена Владимировна,",
  year="2000",
  pages="97--121",
}

@book{ernst_syntax_2001,
  title="The syntax of adjuncts",
  volume="96",
  publisher="Cambridge {University} {Press}",
  author="Ernst, Thomas,",
  year="2001",
}

@article{bayer_coordination_1996,
  title="The coordination of unlike categories",
  journal="Language",
  author="Bayer, Samuel,",
  year="1996",
  note="Publisher: {JSTOR}",
  pages="579--616",
}

@book{payne_exploring_2006,
  title="Exploring language structure: {A} student's guide",
  publisher="Cambridge {University} {Press}",
  author="Payne, Thomas,",
  year="2006",
}

@article{chomsky_syntactic_1957,
  title="Syntactic {Structures} ({The} {Hague}: {Mouton}, 1957)",
  volume="35",
  journal="Review of {Verbal} {Behavior} by {BF} {Skinner}, {Language}",
  author="Chomsky, Noam,",
  year="1957",
  pages="26--58",
}

@article{sag_coordination_1985,
  title="Coordination and how to distinguish categories",
  volume="3",
  number="2",
  journal="Natural {Language} \& {Linguistic} {Theory}",
  author="Sag, Ivan A and Gazdar, Gerald and Wasow, Thomas and Weisler, Steven,",
  year="1985",
  note="Publisher: {Springer}",
  pages="117--171",
}

@book{__2001-1,
  title="Введение в общий синтаксис",
  publisher="Федеральное государственное бюджетное образовательное учреждение высшего …",
  author="Тестелец, Яков Георгиевич,",
  year="2001",
}

@misc{__2015,
  title="Зависимые клаузы. {Актантные} клаузы",
  publisher="Отделение теоритической и прикладной лингвистики {МГУ}",
  author="Лютикова, Екатерина Анатольевна,",
  year="2015",
}

@article{polinsky_agreement_1999,
  title="Agreement in {Tsez}",
  author="Polinsky, Maria and Comrie, Bernard,",
  year="1999",
  note="Publisher: {Walter} de {Gruyter}, {Berlin}/{New} {York} {Berlin}, {New} {York}",
}

@article{letuchiy_raising_2020,
  title="Raising and similar phenomena in {Russian} (mainly based on the behavior of pronouns)",
  number="2",
  journal="Voprosy {Jazykoznanija}",
  author="Letuchiy, Alexander B and Viklova, Anna V,",
  year="2020",
  pages="31--60",
}

@book{grano_control_2015,
  title="Control and restructuring",
  volume="56",
  publisher="Oxford {University} {Press}",
  author="Grano, Thomas,",
  year="2015",
}

@misc{__2020-1,
  title="Мы попросили {Ивана} пойти одному/одного: {Падежные} характеристики плавающих определителей в инфинитивных клаузах в русском языке",
  publisher="Научно-учебная лаборатория по формальным моделям в лингвистике {НИУ} {ВШЭ}",
  author="Байков, Федор,",
  year="2020",
}

@article{bruening_idioms_2015,
  title="Idioms, anaphora, and movement diagnostics",
  journal="Ms., {University} of {Delaware}",
  author="Bruening, Benjamin,",
  year="2015",
}

@article{hornstein_movement_1999,
  title="Movement and control",
  volume="30",
  number="1",
  journal="Linguistic inquiry",
  author="Hornstein, Norbert,",
  year="1999",
  note="Publisher: {MIT} {Press}",
  pages="69--96",
}

@inproceedings{__2015-1,
  title="Лицензирование отрицательных местоимений через границу инфинитивного оборота в русском языке",
  booktitle="Типология морфосинтаксических параметров",
  author="Герасимова, АА,",
  year="2015",
  pages="47--61",
}

@inproceedings{babby_subject_1998,
  title="Subject control as direct predication: {Evidence} from {Russian}",
  booktitle="Proceedings of the 6th meeting of formal approaches to {Slavic} linguistics",
  publisher="Michigan {Slavic} {Publications}, Michigan {University}",
  author="Babby, Leonard H,",
  year="1998",
  pages="17--37",
}

@article{rudnev_case_2020,
  title="Case marking in {Russian} eventive nominalisations revisited",
  volume="44",
  number="2",
  journal="Russian {Linguistics}",
  author="Rudnev, Pavel and Volkova, Anna,",
  year="2020",
  note="Publisher: {Springer}",
  pages="157--175",
}

@article{baker_two_2010,
  title="Two modalities of case assignment: {Case} in {Sakha}",
  volume="28",
  number="3",
  journal="Natural {Language} \& {Linguistic} {Theory}",
  author="Baker, Mark C and Vinokurova, Nadya,",
  year="2010",
  note="Publisher: {Springer}",
  pages="593--642",
}

@inproceedings{marantz_case_1991,
  title="Case and {Licensing}. {Westphal}, {German}",
  publisher="Proceedings of the 8th {Eastern} {States} {Conference} on {Linguistics} ({ESCOL} 8 …",
  author="Marantz, Alec,",
  year="1991",
}

@article{chomsky_minimalist_2000,
  title="Minimalist inquiries: {The} framework ({MITOPL} 15)",
  journal="Step by step: {Essays} on minimalist syntax in honor of {Howard} {Lasnik}",
  author="Chomsky, Noam,",
  year="2000",
  note="Publisher: {MIT} press",
  pages="89--155",
}

@phdthesis{wurmbrand_infinitives_1998,
  type="PhD {Thesis}",
  title="Infinitives",
  school="Massachusetts {Institute} of {Technology}",
  author="Wurmbrand, Susanne,",
  year="1998",
}

@article{chomsky_derivation_2001,
  title="Derivation by phase",
  author="Chomsky, Noam,",
  year="2001",
}

@article{jackendoff_mme_1992,
  title="Mme. {Tussaud} meets the binding theory",
  volume="10",
  number="1",
  journal="Natural {Language} \& {Linguistic} {Theory}",
  author="Jackendoff, Ray,",
  year="1992",
  note="Publisher: {Springer}",
  pages="1--31",
}

@book{zubkov_grammar_2018,
  title="The {Grammar} of {Binding}",
  publisher="Netherlands {Graduate} {School} of {Linguistics}",
  author="Zubkov, Peter,",
  year="2018",
}

@article{chomsky_phases_2008,
  title="On phases",
  volume="45",
  journal="Current {Studies} in {Linguistics} {Series}",
  author="Chomsky, Noam,",
  year="2008",
  note="Publisher: {MIT} press",
  pages="133",
}

@article{reuland_binding_2007,
  title="Binding conditions: {How} can they be derived",
  journal="Lectures on {Binding}. {Department} of {Linguistics}, {St} {Petersburg} {University}. {Joint} {PhD} program {St} {Petersburg}-{Utrecht} {University}",
  author="Reuland, Eric,",
  year="2007",
}

@book{reuland_anaphora_2011,
  title="Anaphora and language design",
  publisher="MIT press",
  author="Reuland, Eric,",
  year="2011",
}

@incollection{nichols_locus_2013,
  address="Leipzig",
  title="Locus of {Marking} in {Possessive} {Noun} {Phrases}",
  url="https://wals.info/chapter/24",
  booktitle="The {World} {Atlas} of {Language} {Structures} {Online}",
  publisher="Max {Planck} {Institute} for {Evolutionary} {Anthropology}",
  author="Nichols, Johanna and Bickel, Balthasar,",
  editor="Dryer, {Matthew} {S}. and {Haspelmath}, {Martin}",
  year="2013",
}

@article{preminger_breaking_2009,
  title="Breaking agreements: {Distinguishing} agreement and clitic doubling by their failures",
  volume="40",
  number="4",
  journal="Linguistic {Inquiry}",
  author="Preminger, Omer,",
  year="2009",
  note="Publisher: {MIT} press",
  pages="619--666",
}

@article{baker_degrees_2011,
  title="Degrees of nominalization: {Clause}-like constituents in {Sakha}",
  volume="121",
  number="7",
  journal="Lingua",
  author="Baker, Mark C,",
  year="2011",
  note="Publisher: {Elsevier}",
  pages="1164--1193",
}

@article{landau_scale_2004,
  title="The scale of finiteness and the calculus of control",
  volume="22",
  number="4",
  journal="Natural {Language} \& {Linguistic} {Theory}",
  author="Landau, Idan,",
  year="2004",
  note="Publisher: {Springer}",
  pages="811--877",
}

@book{__2017-1,
  title="Очерки по синтаксису нивхского языка",
  publisher="Litres",
  author="Недялков, Владимир and Отаина, Галина,",
  year="2017",
}

@phdthesis{silva2011morphosyntaxe,
  title="Morphosyntaxe du rikbaktsa ({Amazonie} br\'esilienne)",
  author="Silva, L\'eia de Jesus,",
  year="2011",
  school="Paris 7",
}

@article{reinhart1993reflexivity,
  title="Reflexivity",
  author="Reinhart, Tanya and Reuland, Eric,",
  journal="Linguistic inquiry",
  volume="24",
  number="4",
  pages="657--720",
  year="1993",
  publisher="JSTOR",
}

@inproceedings{jacobsen1967switch,
  title="Switch reference",
  author="Jacobsen, Steven E,",
  booktitle="in {{H}okan}-{Coahuiltecan}, in {H}. {Dell} and {W}. {Bittle}, eds,‘{Studies} in {Southwestern} {Ethnolinguistics}",
  year="1967",
  organization="Citeseer",
}

@article{arregi2019switch,
  title="Switch reference as index agreement",
  author="Arregi, Karlos and Hanink, Emily,",
  journal="Ms. {The} {University} of {Chicago}",
  year="2019",
}

@article{austin1981switch,
  title="Switch-reference in {Australia}",
  author="Austin, Peter,",
  journal="Language",
  pages="309--334",
  year="1981",
  publisher="JSTOR",
}

@article{baker2020agree,
  title="Agree without agreement: {Switch}-reference and reflexive voice in two {Panoan} languages",
  author="Baker, Mark C and Souza, Livia Camargo,",
  journal="Natural {Language} \& {Linguistic} {Theory}",
  pages="1--62",
  year="2020",
  publisher="Springer",
}

@article{comrie1983switch,
  title="Switch-reference in {Huichol}: {A} typological study",
  author="Comrie, Bernard,",
  journal="Switch-reference and universal grammar",
  pages="17--37",
  year="1983",
  publisher="John {Benjamins} Amsterdam",
}

@article{finer1985syntax,
  title="The syntax of switch-reference",
  author="Finer, Daniel L,",
  journal="Linguistic {Inquiry}",
  pages="35--55",
  year="1985",
  publisher="JSTOR",
}

@article{roberts1988switch,
  title="Switch-reference in {Papuan} languages: {A} syntactic or {Extrasyntactic} device?",
  author="Roberts, John R,",
  year="1988",
  publisher="Taylor \& Francis",
}

@article{roberts2017typology,
  title="A typology of switch reference",
  author="Roberts, John R,",
  journal="The {Cambridge} handbook of linguistic typology",
  pages="538--573",
  year="2017",
  publisher="Cambridge {University} {Press} Cambridge",
}

@article{watanabe2000feature,
  title="Feature {Copying} and {Binding}: {Evidence} from {Complementizer} {Agreement} and {Switch} {Reference}",
  author="Watanabe, Akira,",
  journal="Syntax",
  volume="3",
  number="3",
  pages="159--181",
  year="2000",
  publisher="Wiley {Online} Library",
}

@article{klyachko2021,
  title="Funktsii refleksivnogo mestoimeniya v evenkiyskom yazyke [{Functions} of reflexive pronpun in {Evenki}]",
  author="Klyachko, E. L.,",
  journal="Acta {Linguistica} {Petropolitana}. {Trudy} instituta lingvisticheskih issledovaniy",
  volume="1",
  number="XVII",
  pages="187--214",
  year="2021",
}

@article{lyutikova2002,
  title="Kognitivnaya tipologiya: refleksivy i intensifikatory [{Cognitive} typology: reflexives and intensifiers]",
  author="Lyutikova, E. A.,",
  journal="M.: {IMLI} {RAN}",
  year="2002",
}

@article{higginbotham1985semantics,
  title="On {Semantics}', {Linguistic} {Inquiry16}, 547-593",
  author="Higginbotham, James,",
  journal="Higginbotham54716Linguistic {Inquiry1985}",
  year="1985",
}

@incollection{saxon1991one,
  title="On one’s own: the semantics and pragmatics of reflexives",
  author="Saxon, Leslie,",
  booktitle="Interdisciplinary {Approaches} to {Language}",
  pages="501--517",
  year="1991",
  publisher="Springer",
}

@incollection{burzio1996role,
  title="The role of the antecedent in anaphoric relations",
  author="Burzio, Luigi,",
  booktitle="Current issues in comparative grammar",
  pages="1--45",
  year="1996",
  publisher="Springer",
}

@article{konig2006focused,
  title="Focused assertion of identity: {A} typology of intensifiers",
  author="{K\"onig, Ekkehard and Gast, Volker}",
  year="2006",
  publisher="Walter de Gruyter",
}

@article{rizzi1990anaphor,
  title="On the anaphor-agreement effect",
  author="Rizzi, Luigi,",
  journal="Rivista di linguistica",
  volume="2",
  number="1",
  pages="27--42",
  year="1990",
}

@phdthesis{norris2014theory,
  title="A theory of nominal concord",
  author="Norris, Mark,",
  year="2014",
  school="UC {Santa} Cruz",
}

@article{middleton2021pseudo,
  title="Pseudo-{ABA} patterns in pronominal morphology",
  author="Middleton, Jane,",
  journal="Morphology",
  volume="31",
  number="4",
  pages="329--354",
  year="2021",
  publisher="Springer",
}

@article{tserenpil2008mongolian,
  title="{Mongolian} grammar",
  author="Tserenpil, D and Kullmann, Rita,",
  journal="Admon {Co}. {Ltd}., {Mongolia}",
  year="2008",
}

@phdthesis{pleshak,
  type="MA {Thesis}",
  title="{Morphosyntax} of {Noun} {Phrase} in {Finno}-{Ugric} {Languages} of the {Volga} {Region}",
  school="Moscow {State} {University}",
  author="Pleshak, Polina,",
  year="2019",
}

@article{anagnostopoulou2006clitic,
  title="Clitic doubling",
  author="Anagnostopoulou, Elena,",
  journal="The {Blackwell} companion to syntax",
  volume="1",
  pages="519--581",
  year="2006",
  publisher="Blackwell Oxford",
}

@article{harley2002structuring,
  title="Structuring the bundle: {A} universal morphosyntactic feature geometry",
  author="Harley, Heidi and Ritter, Elizabeth,",
  journal="Pronouns: {Features} and representation",
  pages="23--39",
  year="2002",
}

@article{murugesan2022deriving,
  title="Deriving the anaphor--agreement effect and the violations of it",
  author="Murugesan, Gurujegan,",
  journal="Syntax",
  volume="25",
  number="1",
  pages="39--83",
  year="2022",
  publisher="Wiley {Online} Library",
}

@article{lehmann1989grammar,
  title="A grammar of modern {Tamil}",
  author="Lehmann, Thomas,",
  journal="Publication",
  year="1989",
  publisher="Pondicherry {Institute} of {Linguistics} and Culture",
}

@article{mistry2000lexical,
  title="Lexical anaphors and pronouns in {Gujarati}",
  author="Mistry, PJ and Lust, Barbara C and Wali, Kashi and W. Gair, James and Subbarao, KV,",
  journal="Lexical anaphors and pronouns in selected {South} {A}sian languages: {A} principled typology",
  pages="397--470",
  year="2000",
  publisher="de {Gruyter} Berlin",
}

@book{nichols2011ingush,
  title="Ingush grammar",
  author="Nichols, Johanna,",
  volume="143",
  year="2011",
  publisher="Univ of {California} Press",
}

@article{daniel_2015_archi,
  title="Logophoric reference in {Archi}",
  journal="Journal of {Pragmatics}",
  volume="88",
  pages="202-219",
  year="2015",
  issn="0378-2166",
  doi="https://doi.org/10.1016/j.pragma.2015.07.002",
  url="https://www.sciencedirect.com/science/article/pii/{S0378216615002076}",
  author="Michael Daniel,",
  keywords="Logophoric pronouns, {Reported} speech, {East} {Caucasian} languages, {Archi}",
}

@book{corbett1991gender,
  title="Gender",
  author="Corbett, Greville G and others,",
  year="1991",
  publisher="Cambridge {University} Press",
}

@book{deal2010topics,
  title="Topics in the {Nez} {Perce} verb",
  author="Deal, Amy Rose,",
  year="2010",
  publisher="University of {Massachusetts} Amherst",
}

@phdthesis{rude1985studies,
  title="Studies in {Nez} {Perce} grammar and discourse",
  author="Rude, Noel Emerson,",
  year="1985",
  school="University of Oregon",
}

@book{toldova2018,
  title="Элементы мокшанского языка в типологическом освещении",
  author="Toldova, S and Kholodilova, M and Tatevosov, S and Kashkin, Je and Kozlov, A and Kozlov, L and Kukhto, A and Privizentseva, M and Stenin, I,",
  year="2018",
  publisher="Буки Веди",
}

@article{serdobolskaya2020,
  title="Grammatical status of the markers of subjective-objective agreement in the constructions with sentential arguments ({Moksha}-{Mordvin})",
  author="Serdobolskaya, Natalia and Egorova, Anastasia,",
  journal="Acta {Linguistica} {Petropolitana}. {Trudy} instituta lingvisticheskih issledovanij",
  volume="3",
  number="XVI",
  pages="480--532",
  year="2020",
}

@article{bakerSCOPA,
  ISSN="0167806{X}, 15730859",
  URL="http://www.jstor.org/stable/41475310",
  author="Baker, Mark C,",
  journal="Natural {Language} \& {Linguistic} {Theory}",
  number="4",
  pages="875--915",
  publisher="Springer",
  title="When agreement is for number and gender but not person",
  urldate="2022-05-12",
  volume="29",
  year="2011",
}

@article{carstens2000concord,
  title="Concord in minimalist theory",
  author="Carstens, Vicki,",
  journal="Linguistic inquiry",
  volume="31",
  number="2",
  pages="319--355",
  year="2000",
  publisher="MIT Press",
}

@article{van2016grammaticalization,
  title="The grammaticalization of possessive person marking: {A} typological approach",
  author="Van Rijn, Marlou,",
  journal="Transactions of the {Philological} {Society}",
  volume="114",
  number="2",
  pages="233--276",
  year="2016",
  publisher="Wiley {Online} Library",
}

@book{boas1938handbook,
  title="Handbook of {American} indian languages",
  author="Boas, Franz,",
  number="40",
  year="1938",
  publisher="US {Government} {Printing} Office",
}

@article{bejar2009cyclic,
  title="Cyclic agree",
  author="B\'ejar, Susana and Rezac, Milan,",
  journal="Linguistic {Inquiry}",
  volume="40",
  number="1",
  pages="35--73",
  year="2009",
  publisher="MIT press",
}

@unpublished{preminger_phi,
  title="{What} are φ-features supposed to do, and where?",
  author="Preminger, Omer",
  year="2019",
  note="{Talk} at \textit{Thirty} million theories of features, {University} of {Tromsø}",
  URL="https://omer.lingsite.org/files/{Preminger}-{Tromso1}-handout.pdf",
}

@unpublished{grishin_2022,
  title="{Omnivorous} third person agreement in {Algonquian}",
  author="Grishin, Peter",
  year="2022",
  URL="https://ling.auf.net/lingbuzz/006576",
}

@article{bejar2003person,
  title="Person licensing and the derivation of {PCC} effects",
  author="{B\'ejar, Susana and Rezac, Milan}",
  journal="Amsterdam studies in the theory and history of linguistic science series 4",
  pages="49--62",
  year="2003",
  publisher="Amsterdam; {Philadelphia}; {J}. {Benjamins} {Pub}. {Co}; 1999",
}

@unpublished{rudnevAAE2021,
  title="The {{An}aphor} {Agreement} {Effect}. {An} {East} {Caucasian} perspective",
  author="Rudnev, Pavel,",
  year="2021",
  note="Talk at \textit{Languages}, {Dialects} and {Isoglosses} of {Anatolia}, the {Caucasus} and {Iran}",
  URL="https://pavelrudnev.github.io/papers/paris-aae.pdf",
}

@article{lison2016opensubtitles2016,
  title="Opensubtitles2016: {Extracting} large parallel corpora from movie and tv subtitles",
  author="{Lison, Pierre and Tiedemann, J\"org}",
  year="2016",
  publisher="European {Language} {Resources} Association",
}

@book{patel2015epithets,
  title="Epithets at the {Syntax}-semantics {Interface}",
  author="Patel-Grosz, Pritty,",
  year="2015",
  publisher="Cambridge {Scholars} Publishing",
}
@article{bickel2010grammatical,
  title={Grammatical relations typology},
  author={Bickel, Balthasar},
  journal={Oxford Handbook of Linguistic Typology},
  year={2010}
}
@book{foley1991yimas,
  title={The Yimas language of New Guinea},
  author={Foley, William A},
  year={1991},
  publisher={Stanford University Press}
}
@article{bickel2007free,
  title={Free prefix ordering in Chintang},
  author={Bickel, Balthasar and Banjade, Goma and Gaenszle, Martin and Lieven, Elena and Paudyal, Netra Prasad and Rai, Ichchha Purna and Rai, Manoj and Rai, Novel Kishore and Stoll, Sabine},
  journal={Language},
  volume={83},
  number={1},
  pages={43--73},
  year={2007},
  publisher={JSTOR}
}
@book{merlan1994grammar,
  title={A grammar of Wardaman: A language of the Northern Territory of Australia},
  author={Merlan, Francesca},
  year={1994},
  publisher={Walter de Gruyter},
  city={Berlin, New York}
}
@inbook{haspelmath2013,
    author = {Haspelmath, Martin},
    year = {2013},
    month = {08},
    pages = {197-226},
    title = {Argument indexing: A conceptual framework for the syntactic status of bound person forms},
    isbn = {9783110331127},
    journal = {Languages Across Boundaries},
    doi = {10.1515/9783110331127.197}
}
@phdthesis{feist_grammar_2010,
	type = {{PhD} thesis},
	title = {A grammar of {Skolt} {Saami}},
	school = {University of Manchester},
	author = {Feist, Timothy},
	year = {2010},
}
@book{kert_saamskij_1971,
	address = {Leningrad},
	title = {Saamskij jazyk (kil'dinskij dialekt): fonetika, morfologija, sintaksis. [{Saami} language ({Kildin} dialect): phonetics, morphology, syntax]},
	publisher = {Nauka},
	author = {Kert, Georgiy M.},
	year = {1971},
}
@incollection{riesler_kildin_2022,
	title = {Kildin {Saami}},
	number = {Oxford Guides to the World's Languages},
	booktitle = {The {Oxford} {Guide} to the {Uralic} {Languages}},
	publisher = {Oxford University Press},
	author = {Rießler, Michael},
	collaborator = {Bakro-Nagy, Marianne and Laakso, Johanna and Skribnik, Elena},
	year = {2022},
}
@incollection{koponen_skolt_2022,
	title = {Skolt {Saami}},
	isbn = {978-0-19-876766-4 978-0-19-182151-6},
	url = {https://academic.oup.com/book/43672/chapter/366302509},
	abstract = {Skolt Saami is an indigenous language originally spoken on both sides of the present-day Norwegian-Russian border. Today, almost all of the 200–300 remaining speakers live in Finland, especially in the municipality of Inari; they are resettled evacuees from the Petsamo region (which was ceded to the Soviet Union in 1944) or their descendants. Skolt Saami is highly endangered, despite promising attempts at revitalization. The written standard, created in the 1970s, is taught at local schools and has some public use. The typology of Skolt Saami has developed from the relatively agglutinative structure of Proto Saami to a rather high degree of fusionality, and its morphology involves complex stem and suffix alternations. In this chapter, the structure of the present-day Skolt Saami and its historical background are briefly presented. The chapter ends with a glossed text example.},
	language = {en},
	urldate = {2022-08-18},
	booktitle = {The {Oxford} {Guide} to the {Uralic} {Languages}},
	publisher = {Oxford University Press},
	author = {Koponen, Eino and Miestamo, Matti and Juutinen, Markus},
	collaborator = {Bakró-Nagy, Marianne and Laakso, Johanna and Skribnik, Elena},
	month = mar,
	year = {2022},
	doi = {10.1093/oso/9780198767664.003.0012},
	pages = {196--218},
}
@incollection{korhonen_ehdotus_1971,
	address = {Helsinki},
	series = {Castrenianumin toimitteita},
	title = {Ehdotus koltanlapin {Suonikylän} (nyk. {Sevettijärven}) murteen fonemaattiseksi transkriptioksi [{Proposal} for a phonemic transcription of {Suonikylä} (nowadays {Sevettijärvi}) dialect of {Skolt} {Saami}]},
	number = {1},
	booktitle = {Lapin murteiden fonologiaa [{Phonology} of {Saami} dialects]},
	publisher = {Suomalais-Ugrilainen Seura},
	author = {Korhonen, Mikko},
	collaborator = {Itkonen, Erkki and Itkonen, Terho and Korhonen, Mikko and Sammallahti, Pekka},
	year = {1971},
	pages = {69--86},
}
@book{kuruch_saamsko-russkij_1985,
	address = {Moscow},
	title = {Saamsko-russkij slovar' [{Saami}-{Russian} dictionary]},
	publisher = {Russkij Jazyk},
	author = {Kuruch, Rimma D. and Afanasieva, Nina E. and Mechkina, Ekaterina I. and Antonova, Aleksandra A. and Glukhov, Boris A. and Yakovlev, Lazer' D.},
	year = {1985},
}
@incollection{itkonen_ehdotus_1971,
	address = {Helsinki},
	series = {Castrenianumin toimitteita},
	title = {Ehdotus kildininlapin {Š}ongujn murteen fonemaattiseksi transkriptioksi},
	number = {1},
	booktitle = {Lapin murteiden fonologiaa [{Phonology} of {Saami} dialects]},
	publisher = {Suomalais-Ugrilainen Seura},
	author = {Itkonen, Erkki},
	collaborator = {Itkonen, Erkki and Itkonen, Terho and Korhonen, Mikko and Sammallahti, Pekka},
	year = {1971},
	pages = {87--110},
}
@article{bratkowsky_predictability_1980,
	title = {The predictability of palatalization in {Russian}},
	volume = {4},
	number = {3},
	journal = {Russian Linguistics},
	author = {Bratkowsky, John G.},
	year = {1980},
	pages = {329--336},
}
@book{itkonen_koltan-_1958,
	address = {Helsinki},
	edition = {2},
	series = {Lexica societatis fenno-ugricae},
	title = {Koltan- ja kuolanlapin sanakirja [{Skolt} and {Kola} {Saami} dictionary]},
	number = {XV},
	publisher = {Suomalais-Ugrilainen Seura},
	author = {Itkonen, Toivo Immanuel},
	year = {1958},
}
@phdthesis{yin2014instrumental,
  title={An instrumental comparison of diphthongs in {M}alaysian {E}nglish and {S}ingapore {E}nglish},
  author={Yin, Limsee},
  year={2014},
  school={University of Malaya Kuala Lumpur}
}
@article{gay1970perceptual,
  title={A perceptual study of {A}merican {E}nglish diphthongs},
  author={Gay, Thomas},
  journal={Language and speech},
  volume={13},
  number={2},
  pages={65--88},
  year={1970},
  publisher={Sage Publications Sage CA: Thousand Oaks, CA}
}
@article{berg1986monophonematic,
  title={The monophonematic status of diphthongs revisited},
  author={Berg, Thomas},
  journal={Phonetica},
  volume={43},
  number={4},
  pages={198--205},
  year={1986},
  publisher={Karger Publishers}
}
@article{jha1985acoustic,
  title={Acoustic analysis of the {M}aithili diphthongs},
  author={Jha, Sunil Kumar},
  journal={Journal of phonetics},
  volume={13},
  number={1},
  pages={107--115},
  year={1985},
  publisher={Elsevier}
}
@article{hickey1986status,
  title={The status of diphthongs in {I}rish and {R}ussian},
  author={Hickey, Raymond},
  journal={STUF-Language Typology and Universals},
  volume={39},
  number={1-6},
  pages={97--105},
  year={1986},
  publisher={De Gruyter (A)}
}
@article{bals2005topics,
  title={Topics in {N}orth {S}aami phonology},
  author={Bals, Berit Anne and Odden, David and Rice, Curt},
  journal={Ms., University of Troms{\o} and Ohio State University},
  year={2005}
}
@article{gay1968effect,
  title={Effect of speaking rate on diphthong formant movements},
  author={Gay, Thomas},
  journal={The Journal of the Acoustical Society of America},
  volume={44},
  number={6},
  pages={1570--1573},
  year={1968},
  publisher={Acoustical Society of America}
}
@inproceedings{yusuf2012instrumental,
  title={An instrumental analysis of {A}cehnese diphthongs produced in {K}ampung {A}ceh, {K}edah},
  author={Yusuf, Yunisrina Qismullah and Pillai, Stefanie},
  booktitle={Proceedings of UKM International Conference on, Linguistics},
  pages={10--11},
  year={2012}
}

@article{chitoran2007hiatus,
  title={From hiatus to diphthong: the evolution of vowel sequences in {R}omance},
  author={Chitoran, Ioana and Hualde, Jos{\'e} Ignacio},
  journal={Phonology},
  volume={24},
  number={1},
  pages={37--75},
  year={2007},
  publisher={Cambridge University Press}
}
@article{asu2012acoustic,
  title={The acoustic characteristics of monophthongs and diphthongs in the {K}ihnu variety of {E}stonian},
  author={Asu, Eva Liina and Lippus, P{\"a}rtel and Niit, Ellen and T{\"u}rk, Helen},
  journal={Linguistica Uralica},
  volume={48},
  number={3},
  pages={161},
  year={2012},
  publisher={Teaduste Akadeemia Kirjastus (Estonian Academy Publishers)}
}
@article{mayr2011cross,
  title={A cross-dialectal acoustic study of the monophthongs and diphthongs of {W}elsh},
  author={Mayr, Robert and Davies, Hannah},
  journal={Journal of the International Phonetic Association},
  volume={41},
  number={1},
  pages={1--25},
  year={2011},
  publisher={Cambridge University Press}
}
@article{tsukada2008acoustic,
  title={An acoustic comparison of {E}nglish monophthongs and diphthongs produced by Australian and Thai speakers},
  author={Tsukada, Kimiko},
  journal={English world-wide},
  volume={29},
  number={2},
  pages={194--211},
  year={2008},
  publisher={John Benjamins}
}
@article{jacewicz2011vowel,
  title={Vowel change across three age groups of speakers in three regional varieties of {A}merican {E}nglish},
  author={Jacewicz, Ewa and Fox, Robert A and Salmons, Joseph},
  journal={Journal of phonetics},
  volume={39},
  number={4},
  pages={683--693},
  year={2011},
  publisher={Elsevier}
}
@article{TRUONG2020107299,
title = {Selective review of offline change point detection methods},
journal = {Signal Processing},
volume = {167},
pages = {107299},
year = {2020},
issn = {0165-1684},
doi = {https://doi.org/10.1016/j.sigpro.2019.107299},
url = {https://www.sciencedirect.com/science/article/pii/S0165168419303494},
author = {Charles Truong and Laurent Oudre and Nicolas Vayatis},
keywords = {Change point detection, Segmentation, Statistical signal processing},
abstract = {This article presents a selective survey of algorithms for the offline detection of multiple change points in multivariate time series. A general yet structuring methodological strategy is adopted to organize this vast body of work. More precisely, detection algorithms considered in this review are characterized by three elements: a cost function, a search method and a constraint on the number of changes. Each of those elements is described, reviewed and discussed separately. Implementations of the main algorithms described in this article are provided within a Python package called ruptures.}
}
@article{nurjannah2022acoustic,
  title={An Acoustic Analysis of Diphthongs English Produced by {A}cehnese Learners},
  author={Nurjannah, Nurjannah},
  journal={Jurnal Serambi Akademica},
  volume={10},
  number={2},
  pages={162--171},
  year={2022}
}
@article{mahmood2022acoustic,
  title={An Acoustic Investigation into Diphthongs of {P}akistani Variety of {E}nglish},
  author={Mahmood, Arshad},
  journal={Pakistan Journal of Languages and Translation Studies},
  volume={10},
  number={2},
  pages={11--39},
  year={2022}
}
@article{randall2017history,
  title={A history of cepstrum analysis and its application to mechanical problems},
  author={Randall, Robert B},
  journal={Mechanical Systems and Signal Processing},
  volume={97},
  pages={3--19},
  year={2017},
  publisher={Elsevier}
}
@article{scikit-learn,
 title={Scikit-learn: Machine Learning in {P}ython},
 author={Pedregosa, F. and Varoquaux, G. and Gramfort, A. and Michel, V.
         and Thirion, B. and Grisel, O. and Blondel, M. and Prettenhofer, P.
         and Weiss, R. and Dubourg, V. and Vanderplas, J. and Passos, A. and
         Cournapeau, D. and Brucher, M. and Perrot, M. and Duchesnay, E.},
 journal={Journal of Machine Learning Research},
 volume={12},
 pages={2825--2830},
 year={2011}
}
@ARTICLE{2020SciPy-NMeth,
  author  = {Virtanen, Pauli and Gommers, Ralf and Oliphant, Travis E. and
            Haberland, Matt and Reddy, Tyler and Cournapeau, David and
            Burovski, Evgeni and Peterson, Pearu and Weckesser, Warren and
            Bright, Jonathan and {van der Walt}, St{\'e}fan J. and
            Brett, Matthew and Wilson, Joshua and Millman, K. Jarrod and
            Mayorov, Nikolay and Nelson, Andrew R. J. and Jones, Eric and
            Kern, Robert and Larson, Eric and Carey, C J and
            Polat, {\.I}lhan and Feng, Yu and Moore, Eric W. and
            {VanderPlas}, Jake and Laxalde, Denis and Perktold, Josef and
            Cimrman, Robert and Henriksen, Ian and Quintero, E. A. and
            Harris, Charles R. and Archibald, Anne M. and
            Ribeiro, Ant{\^o}nio H. and Pedregosa, Fabian and
            {van Mulbregt}, Paul and {SciPy 1.0 Contributors}},
  title   = {{{SciPy} 1.0: Fundamental Algorithms for Scientific
            Computing in Python}},
  journal = {Nature Methods},
  year    = {2020},
  volume  = {17},
  pages   = {261--272},
  adsurl  = {https://rdcu.be/b08Wh},
  doi     = {10.1038/s41592-019-0686-2},
}
@article{Barreda+2021,
url = {https://doi.org/10.1515/lingvan-2020-0051},
title = "{Fast Track: fast (nearly) automatic formant-tracking using Praat}",
author = {Santiago Barreda},
pages = {20200051},
volume = {7},
number = {1},
journal = {Linguistics Vanguard},
doi = {doi:10.1515/lingvan-2020-0051},
year = {2021},
lastchecked = {2023-02-23}
}
@article{aikio2009structure,
  title={The structure of North Saami},
  author={Aikio, Ante and Ylikoski, Jussi},
  journal={Course handout. Salt Lake City: The},
  year={2009}
}
@incollection{potseluev2023,
  title={Negation in Kildin Saami},
  author={Potseluev, Vsevolod},
  year={2023},
  note={Term paper}
}
@book{Miller-1965,
  address    = {Berkeley},
  author     = {Miller, Wick R.},
  publisher  = {University of California Press},
  series     = {University of California Publications in Linguistics},
  title      = {Acoma Grammar and Texts},
  volume     = {40},
  year       = {1965},
  iso_code   = {kjq},
  olac_field = {syntax; phonetics; semantics; general_linguistics; typology; phonology; morphology},
  wals_code  = {aco}
}
@book{Dixon-1988,
  address    = {Chicago},
  author     = {Dixon, Robert M. W.},
  publisher  = {University of Chicago Press},
  title      = {A Grammar of Boumaa Fijian},
  year       = {1988},
  iso_code   = {fij},
  olac_field = {syntax; phonology; morphology; typology; general_linguistics; semantics; phonetics},
  wals_code  = {fij}
}
@book{Broadbent-1964,
  address    = {Berkeley},
  author     = {Broadbent, Sylvia M.},
  publisher  = {University of California Press},
  series     = {University of California Publications in Linguistics},
  title      = {The Southern Sierra Miwok Language},
  volume     = {38},
  year       = {1964},
  iso_code   = {skd},
  olac_field = {typology; general_linguistics; syntax; morphology; phonetics; phonology; semantics},
  wals_code  = {mss}
}
@book{Voorhoeve-1965b,
  address   = {The Hague},
  author    = {Voorhoeve, Clemens L.},
  publisher = {M. Nijhoff},
  series    = {Verhandelingen van het Koninklijk Instituut voor Taal, Land en Volkenkunde},
  title     = {The Flamingo Bay Dialect of the Asmat Language},
  volume    = {46},
  year      = {1965}
}
@incollection{lander2020head,
  title={Head/dependent marking},
  author={Lander, Yury and Nichols, Johanna},
  booktitle={Oxford research encyclopedia of linguistics},
  year={2020}
}
@article{van2016locus,
  title={Locus of marking typology in the possessive NP: A new approach},
  author={Van Rijn, Marlou},
  journal={Folia Linguistica},
  volume={50},
  number={1},
  pages={269--327},
  year={2016},
  publisher={De Gruyter}
}
@book{janhunen2012,
  address        = {Amsterdam/Philadelphia},
  author         = {Juha Janhunen},
  number         = {19},
  pages          = {xvi+320},
  publisher      = {Amsterdam: John Benjamins},
  series         = {London Oriental and African Language Library},
  title          = {Mongolian},
  url            = {https://benjamins.com/catalog/loall.19},
  volume         = {19},
  year           = {2012},
  bestfn         = {eurasia\janhunen_mongolian2012v2.pdf},
  besttxt        = {ptxt2\eurasia\janhunen_mongolian2012v2.txt},
  cfn            = {eurasia\janhunen_mongolian2012.pdf},
  citekeys       = {glossa5137:B28 glossa5354:B58},
  doi            = {10.1075/loall.19},
  fn             = {eurasia\janhunen_mongolian2012v2.pdf, eurasia\janhunen_mongolian2012.pdf, eurasia\janhunen_mongolian2012.pdf, eurasia\janhunen_mongolian2012v2.pdf},
  hhtype         = {grammar},
  inlg           = {English [eng]},
  isbn           = {9789027273055},
  isreferencedby = {glossa5137 glossa5354},
  lgcode         = {Halh Mongolian [khk]},
  macro_area     = {Eurasia},
  src            = {benjamins, glossa, grambank, hh, langsci}
}
@article{szabolcsi1981possessive,
  title={The possessive construction in Hungarian: A configurational category in a non-configurational language},
  author={Szabolcsi, Anna},
  journal={Acta Linguistica Academiae Scientiarum Hungaricae},
  volume={31},
  number={1/4},
  pages={261--289},
  year={1981},
  publisher={JSTOR}
}
@article{nichols1988alienable,
  title={On alienable and inalienable possession},
  author={Nichols, Johanna},
  journal={In honor of Mary Haas},
  pages={557--609},
  year={1988}
}
@article{alexiadou2003some,
  title={Some notes on the structure of alienable and inalienable possessors},
  author={Alexiadou, Artemis},
  journal={From NP to DP},
  volume={2},
  pages={167--188},
  year={2003},
  publisher={by Martine Coene and Yves D’hulst}
}
@article{nichols1986head,
  title={Head-marking and dependent-marking grammar},
  author={Nichols, Johanna},
  journal={Language},
  pages={56--119},
  year={1986},
  publisher={JSTOR}
}
@book{nichols1992linguistic,
  title={Linguistic diversity in space and time},
  author={Nichols, Johanna},
  year={1992},
  publisher={University of Chicago Press}
}
@inproceedings{duguine2008structural,
  title={Structural case and the typology of possessive constructions},
  author={Duguine, Maia},
  booktitle={Annual Meeting of the Berkeley Linguistics Society},
  pages={97--108},
  year={2008}
}
@book{olsson2021grammar,
  title={A grammar of Coastal Marind},
  author={Olsson, Bruno},
  volume={87},
  year={2021},
  publisher={Walter de Gruyter GmbH \& Co KG}
}
@article{miestamo2016sampling,
	title={Sampling for variety},
	author={Miestamo, Matti and Bakker, Dik and Arppe, Antti},
	journal={Linguistic Typology},
	volume={20},
	number={2},
	pages={233--296},
	year={2016},
	publisher={De Gruyter}
}
@article{rijkhoff1993method,
	title={A method of language sampling},
	author={Rijkhoff, Jan and Bakker, Dik and Hengeveld, Kees and Kahrel, Peter},
	journal={Studies in Language. International Journal sponsored by the Foundation “Foundations of Language”},
	volume={17},
	number={1},
	pages={169--203},
	year={1993},
	publisher={John Benjamins}
}
@article{dryer1989large,
	title={Large linguistic areas and language sampling},
	author={Dryer, Matthew S},
	journal={Studies in Language. International Journal sponsored by the Foundation “Foundations of Language”},
	volume={13},
	number={2},
	pages={257--292},
	year={1989},
	publisher={John Benjamins}
}
@article{bickel2008refined,
	title={A refined sampling procedure for genealogical control},
	author={Bickel, Balthasar},
	journal={Language Typology and Universals},
	volume={61},
	number={3},
	pages={221--233},
	year={2008},
	publisher={Akademie Verlag}
}